   @MISC{my_repo_framework,
      author =       "K. Pilátová",
      title =        "Tlacenka/{N}emea-{F}ramework",
      howpublished=  "\url{https://github.com/Tlacenka/Nemea-Framework/}",
      note =         "[Online; Accessed 2016-05-16]"
   }
   @MISC{my_repo_modules,
      author =       "K. Pilátová",
      title =        "Tlacenka/{N}emea-{M}odules",
      howpublished=  "\url{https://github.com/Tlacenka/Nemea-Modules}",
      note =         "[Online; Accessed 2016-05-16]"
   }
   @MISC{monitoring,
      author =       "Kim S.Nash and A.Behr, eds",
      title =        "Network {M}onitoring {D}efinition and {S}olutions",
      year =         "2007",
      howpublished=  "\url{http://www.cio.com/article/2438133/networking/\\network-monitoring-definition-and-solutions.html}",
      note =         "[Online; Accessed 2016-01-25]"
   }
   @MISC{NEMEA,
      title =        "{N}emea | {L}iberouter / {C}esnet {TMC G}roup",
      year =         "2008",
      howpublished=  "\url {https://www.liberouter.org/technologies/nemea/}",
      note =         "[Online; Accessed 2016-01-25]"
   }

   @MISC{ipfixcol,
      title =        "{G}it{H}ub - {CESNET}/ipfixcol",
      year =         "2015",
      howpublished=  "\url{https://github.com/CESNET/ipfixcol/tree/master/plugins/storage/unirec}",
      note =         "[Online; Accessed 2016-01-25]"
   }
   @MISC{netflow,
      title =        "{N}et{F}low {D}efinition",
      year =         "2003-2015",
      howpublished=  "\url{http://www.caligare.com/netflow/netflow.php}",
      note =         "[Online; Accessed 2016-01-25]"
   }
   @MISC{libtrap,
      title =        "{G}it{H}ub - {CESNET}/{N}emea-{F}ramework/libtrap",
      year =         "2016",
      howpublished=  "\url{https://github.com/CESNET/Nemea-Framework/tree/master/libtrap}",
      note =         "[Online; Accessed 2016-01-25]"
   }
   @MISC{snapshot,
      title =        "{H}ow {D}atabase {S}napshots {W}ork",
      year =         "2016",
      howpublished=  "\url{https://technet.microsoft.com/en-us/library/ms187054%28v=sql.105%29.aspx}",
      note =         "[Online; Accessed 2016-02-01]"
   }
   
   @MISC{httpserver,
      title =        "{B}ase{HTTPS}erver -- {B}asic {HTTP S}erver -- {P}ython 2.7.11 documentation",
      year =         "2016",
      howpublished=  "\url{https://docs.python.org/2/library/basehttpserver.html#module-BaseHTTPServer}",
      note =         "[Online; Accessed 2016-02-01]"
   }
    @MISC{jquery,
      title =        "j{Q}uery",
      howpublished=  "\url{https://jquery.com/}",
      note =         "[Online; Accessed 2016-04-01]"
   }
   @MISC{pil,
      title =        "{P}ython {I}maging {L}ibrary ({PIL})",
      howpublished=  "\url{http://www.pythonware.com/products/pil/}",
      note =         "[Online; Accessed 2016-02-01]"
   }
   @MISC{nfsen,
      title =        "{N}f{S}en -- {N}etflow {S}ensor",
      howpublished=  "\url{http://nfsen.sourceforge.net/}",
      note =         "[Online; Accessed 2016-02-05]"
   }
   @MISC{nfdump,
      title =        "{NFDUMP}",
      howpublished=  "\url{http://nfdump.sourceforge.net/}",
      note =         "[Online; Accessed 2016-02-10]"
   }
   @MISC{yaml_cpp,
      title =        "yaml-cpp",
      howpublished=  "\url{https://github.com/jbeder/yaml-cpp}",
      note =         "[Online; Accessed 2016-04-01]"
   }
   @MISC{nemeaframework,
      title =        "{CESNET/N}emea-{F}ramework",
      howpublished=  "\url{https://github.com/CESNET/Nemea-Framework/}",
      note =         "[Online; Accessed 2016-03-01]"
   }
   @MISC{bitarray,
      title =        "bitarray 0.8.1: {P}ython {P}ackage {I}ndex",
      howpublished=  "\url{https://pypi.python.org/pypi/bitarray/0.8.1}",
      note =         "[Online; Accessed 2016-04-01]"
   }
   @MISC{yaml,
      title =        "{YAML A}in't {M}arkup {L}anguage",
      howpublished=  "\url{http://www.yaml.org/start.html}",
      note =         "[Online; Accessed 2016-04-01]"
   }
   @MISC{beautifulsoup,
      title =        "{B}eautiful {S}oup {D}ocumentation",
      howpublished=  "\url{https://www.crummy.com/software/BeautifulSoup/bs4/doc/}",
      note =         "[Online; Accessed 2016-04-01]"
   }
   @MISC{pillow,
      title =        "{P}illow -- {P}illow ({PIL F}ork) 3.1.2 documentation",
      howpublished=  "\url{http://pillow.readthedocs.io/en/3.1.x/index.html}",
      note =         "[Online; Accessed 2016-04-20]"
   }
   @MISC{pyyaml,
      title =        "{P}y{YAML D}ocumentation",
      howpublished=  "\url{http://pyyaml.org/wiki/PyYAMLDocumentation}",
      note =         "[Online; Accessed 2016-04-20]"
   }
   @MISC{argparse,
      title =        "argparse -- {P}arser for command-line options, arguments and sub-commands",
      howpublished=  "\url{https://docs.python.org/3/library/argparse.html}",
      note =         "[Online; Accessed 2016-04-20]"
   }
   @MISC{ipaddress,
      title =        "ipaddress -- {IP}v4/{IP}v6 manipulation library",
      howpublished=  "\url{https://docs.python.org/3/library/ipaddress.html}",
      note =         "[Online; Accessed 2016-04-20]"
   }
   @MISC{port_registry,
      title =        "{S}ervice {N}ame and {T}ransport {P}rotocol {P}ort {N}umber {R}egistry",
      howpublished=  "\url{http://www.iana.org/assignments/service-names-port-numbers/service-names-port-numbers.xhtml}",
      note =         "[Online; Accessed 2016-04-20]"
   }
   @MISC{cppboost,
      title =        "{B}oost {C}++ {L}ibraries",
      howpublished=  "\url{https://www.boost.org/}",
      note =         "[Online; Accessed 2016-04-25]"
   }
   @MISC{fdistdump,
      title =        "{CESNET}/fdistdump: {T}ool for distributed querying of flow data",
      howpublished=  "\url{https://github.com/CESNET/fdistdump}",
      note =         "[Online; Accessed 2016-04-25]"
   }


   @report{isa_pa,
      author =       "P. Matoušek",
      title =        "Opora předmětu {ISA}, kapitola 10: {S}práva sítě",
      year =         "2013",
      howpublished=  "FIT VUT"
   }
   @report{related,
      author =       "C. Muelder and T. Bartoletti",
      title =        "\textit{{I}nteractive {V}isualization for {N}etwork and {P}ort {S}can {D}etection}",
      howpublished=  "University of California, Davis",
      note =         "Available from: \url{http://web.cs.ucdavis.edu/~ma/papers/raid05.pdf}"
   }
   @techreport{NEMEA_article,
      author =       "V. Bartoš, M. Žádník",
      title =        "\textit{{NEMEA F}ramework for stream-wise analysis of network traffic}",
      month =        "September",
      year =         "2008",
      institution =  "CESNET",
      note =         "Available from: \url{https://www.cesnet.cz/wp-content/uploads/2014/02/trapnemea.pdf}"
   }

   @report{flow,
      title =        "{RFC 2722 - T}rafic {F}low {M}easurement:{A}rchitecture",
      author =       "N. Brownlee, Mills",
      howpublished = "Internet Requests for Comments",
      month =        "October",
      year =         "1999",
      note =         "(DOI) 10.17487/RFC2722"
   }

   @report{request_methods,
      author =       "R.Fielding and J. Reschke",
      title =        "{RFC} 7231 -- {H}ypertext {T}ransfer {P}rotocol({HTTP}/1.1): {S}emantics and {C}ontent",
      howpublished = "Internet Requests for Comments",
      month =        "June",
      year =         "2014",
      note =         "(ISSN) 2070-1721"
   }

   @report{uri,
      title =        "{RFC} 3986 -- {U}niform {R}esource {I}dentifier({URI}): {G}eneric {S}yntax",
      author =       "T. Berners-Lee and R. Fielding",
      howpublished=  "Internet Requests for Comments",
      month =        "January",
      year =         "2005",
      note =         "(DOI) 10.17487/RFC3986"
   }

   @report{icmp,
      author =       "J. Postel",
      title =        "{RFC} 777, 792 - Internet Control Message Protocol",
      month =        "September",
      year =         "1981",
      howpublished=  "Internet Requests for Comments",
      note =         "(DOI) 10.17487/RFC0792"
   }

   @report{syslog,
      author =       "R. Gerhards",
      title =        "{RFC 5424 - T}he {S}yslog {P}rotocol",
      howpublished = "Internet Requests for Comments",
      month =        "March",
      year =         "2009",
      note =         "(DOI) 10.17487/RFC5424"
   }

   @report{ipfix,
      author =       "J. Quittek and T. Zseby",
      title =        "{RFC 3917 - R}equirements for {IP F}low {I}nformation {E}xport ({IPFIX})",
      howpublished = "Internet Requests for Comments",
      month =        "October",
      year =         "2004",
      note =         "(DOI) 10.17487/RFC3917"
   }

